@inproceedings{rysselberghe2004,
	title = "Studying software evolution information by visualizing the change history",
	author = "F. Van Rysselberghe",
	booktitle = "Proceedings of the 20th IEEE International Conference on Software Maintenance",
	pages = "328-337",
	year = "2004"
}

@inproceedings{holt1996,
	title = "GASE: visualizing software evolution-in-the-large",
	author = "R. Holt",
	booktitle = "Proceedings of the Third Working Conference on Reverse Engineering",
	pages = "163-167",
	year = "1996"
}

@inproceedings{voineaetal2005,
	title = "CVSscan: visualization of code evolution",
	author = "L. Voinea and A. Telea and J.J. van Wijk",
	booktitle = "Proceedings of the 2005 ACM Symposium on Software Visualization",
	pages = "",
	year = "2005"
}

@inproceedings{lanza2001,
	title = "The evolution matrix: recovering software evolution using software visualization techniques",
	author = "M. Lanza",
	booktitle = "Proceedings of the 4th International Workshop on Principles of Software Evolution",
	pages = "",
	year = "2001"
}

@Book{ lesk2005database,
	title = "Database annotation in molecular biology",
	author = "A.M. Lesk and J. Wiley",
	publisher = "Wiley Online Library",
	year = "2005"
}

%***********************************************************************************
%inicio: papers sobre erros de anotacao
%***********************************************************************************

@Article{ brenner1999errors,
	title = "Errors in genome annotation",
	author = "S.E. Brenner and others",
	publisher = "Elsevier Science",
	journal = "Trends in Genetics",
	pages = "132--133",
	volume = "15",
	number = "4",
	year = "1999"
}

@Article{ devos2001intrinsic,
	title = "Intrinsic errors in genome annotation",
	author = "D. Devos and A. Valencia",
	publisher = "Elsevier",
	journal = "Trends in Genetics",
	pages = "429--431",
	volume = "17",
	number = "8",
	year = "2001"
}

@Article{ green2005genome,
	title = "Genome annotation errors in pathway databases due to semantic ambiguity in partial EC numbers",
	author = "ML Green and PD Karp",
	publisher = "Oxford Univ Press",
	journal = "Nucleic acids research",
	pages = "4035--4039",
	volume = "33",
	number = "13",
	year = "2005"
}

@Article{ gilks2005percolation,
	title = "Percolation of annotation errors through hierarchically structured protein sequence databases",
	author = "W.R. Gilks and B. Audit and D. de Angelis and S. Tsoka and C.A. Ouzounis",
	publisher = "Elsevier",
	journal = "Mathematical biosciences",
	pages = "223--234",
	volume = "193",
	number = "2",
	year = "2005"
}

@Article{ jones2007estimating,
	title = "Estimating the annotation error rate of curated GO database sequence annotations",
	author = "C.E. Jones and A.L. Brown and U. Baumann",
	publisher = "BioMed Central Ltd",
	journal = "BMC bioinformatics",
	pages = "170",
	volume = "8",
	number = "1",
	year = "2007"
}

@Article{ schnoes2009annotation,
	title = "Annotation error in public databases: misannotation of molecular function in enzyme superfamilies",
	author = "A.M. Schnoes and S.D. Brown and I. Dodevski and P.C. Babbitt",
	publisher = "Public Library of Science",
	journal = "PLoS computational biology",
	pages = "e1000605",
	volume = "5",
	number = "12",
	year = "2009"
}

@Article{ hung2010detect,
	title = "DETECT - a Density Estimation Tool for Enzyme ClassificaTion and its application to Plasmodium falciparum",
	author = "S.S. Hung and J. Wasmuth and C. Sanford and J. Parkinson",
	publisher = "Oxford Univ Press",
	journal = "Bioinformatics",
	pages = "1690--1698",
	volume = "26",
	number = "14",
	year = "2010"
}

%***********************************************************************************
%fim: papers sobre erros de anotacao
%***********************************************************************************

@Article{ uniprot2012reorganizing,
	title = "Reorganizing the protein space at the Universal Protein Resource (UniProt)",
	author = "UniProt Consortium and others",
	journal = "Nucleic Acids Res",
	pages = "D71--D75",
	volume = "40",
	year = "2012"
}

@Article{ apweiler2010universal,
	title = "The universal protein resource (UniProt) in 2010",
	author = "R. Apweiler and MJ Martin and C. O'Donovan and M. Magrane and Y. Alam-Faruque and R. Antunes and D. Barrell and B. Bely and M. Bingley and D. Binns and others",
	journal = "Nucleic Acids Res",
	pages = "D142--D148",
	volume = "38",
	year = "2010"
}

@Book{tufte_envisioning,
	title = "Envisioning information",
	author = "E. Tufte",
	year = "1990"
}

@Book{few_nysi,
	title = "Now you see it",
	author = "S. Few",
	year = "2009"
}

@Techreport{cleveland_trellis1,
	title = "Trellis display: a framework for visualizing 2D and 3D data",
	author = "R.A. Becker and W.S. Cleveland and M.J. Shyu and S.P. Kaluzny",
	booktitle = "A T&T Bell Laboratories Statistics Research Report No. 8",
	year = "1994"
}

@Techreport{cleveland_trellis2,
	title = "Trellis Display: User's Guide",
	author = "R.A. Becker and W.S. Cleveland and M.J. Shyu and S.P. Kaluzny",
	booktitle = "A T&T Bell Laboratories Statistics Research Report No. 10",
	year = "1994"
}
